@article{ritvo1989ucla,
  title={The UCLA-University of Utah epidemiologic survey of autism: prevalence},
  author={Ritvo, Edward R and Freeman, BJ and Pingree, Carmen and Mason-Brothers, Anne and Jorde, Lynn and Jenson, William R and McMahon, William M and Petersen, P Brent and Mo, Amy and Ritvo, Anne},
  journal={Am J Psychiatry},
  volume={146},
  number={2},
  pages={194--199},
  year={1989}
}

@article{ritvo1983effects,
  title={Effects of fenfluramine on 14 outpatients with the syndrome of autism},
  author={Ritvo, Edward R and Freeman, BJ and Geller, Edward and Yuwiler, Arthur},
  journal={Journal of the American Academy of Child Psychiatry},
  volume={22},
  number={6},
  pages={549--558},
  year={1983},
  publisher={Elsevier}
}

@article{ritvo1989ucla1,
  title={The UCLA-University of Utah epidemiologic survey of autism: recurrence risk estimates and genetic counseling},
  author={Ritvo, Edward R and Jorde, Lynn B and Mason-Brothers, Anne and Freeman, BJ and Pingree, Carmen and Jones, Marshall B and McMahon, William M and Petersen, P Brent and Jenson, William R and Mo, Amy},
  journal={Am J Psychiatry},
  volume={146},
  number={8},
  pages={1032--1036},
  year={1989}
}

@article{mason1990ucla,
  title={The UCLA-University of Utah epidemiologic survey of autism: prenatal, perinatal, and postnatal factors},
  author={Mason-Brothers, Anne and Ritvo, Edward R and Pingree, Carmen and Petersen, P Brent and Jenson, William R and McMahon, William M and Freeman, BJ and Jorde, Lynn B and Spencer, Mary J and Mo, Amy and others},
  journal={Pediatrics},
  volume={86},
  number={4},
  pages={514--519},
  year={1990},
  publisher={Am Acad Pediatrics}
}

@article{mason1993ucla,
  title={The UCLA-University of Utah epidemiologic survey of autism: Recurrent infections},
  author={Mason-Brothers, Anne and Ritvo, Edward R and Freeman, BJ and Jorde, Lynn B and Pingree, Carmen C and McMahon, William M and Jenson, William R and Petersen, P Brent and Mo, Amy},
  journal={European Child \& Adolescent Psychiatry},
  volume={2},
  number={2},
  pages={79--90},
  year={1993},
  publisher={Springer}
}

@article{bilder2013excess,
  title={Excess mortality and causes of death in autism spectrum disorders: a follow up of the 1980s Utah/UCLA autism epidemiologic study},
  author={Bilder, Deborah and Botts, Elizabeth L and Smith, Ken R and Pimentel, Richard and Farley, Megan and Viskochil, Joseph and McMahon, William M and Block, Heidi and Ritvo, Edward and Ritvo, Riva-Ariella and others},
  journal={Journal of autism and developmental disorders},
  volume={43},
  number={5},
  pages={1196--1204},
  year={2013},
  publisher={Springer}
}

@article{mcmahon1989ucla,
  title={The UCLA-University of Utah epidemiologic survey of autism: Prevalence},
  author={McMahon, W and Ritvo, Anne},
  journal={American Journal of Psychiatry},
  volume={146},
  pages={194--199},
  year={1989},
  publisher={Am Psychiatric Assoc}
}



@article{mathes1998preparing,
  title={Preparing Students with Special Needs for Reintegration Curriculum-Based Measurement's Impact on Transenvironmental Programming},
  author={Mathes, Patricia G and Fuchs, Douglas and Roberts, P Holley and Fuchs, Lynn S},
  journal={Journal of learning disabilities},
  volume={31},
  number={6},
  pages={615--624},
  year={1998},
  publisher={Sage Publications}
}

@article{fuchs1993conservative,
  title={A conservative approach to special education reform: Mainstreaming through transenvironmental programming and curriculum-based measurement},
  author={Fuchs, Douglas and Fuchs, Lynn S and Fernstrom, Pamela},
  journal={American Educational Research Journal},
  volume={30},
  number={1},
  pages={149--177},
  year={1993},
  publisher={Sage Publications}
}

@article{wadsworth1999preparing,
  title={Preparing the inclusion classroom for students with special physical and health needs},
  author={Wadsworth, Donna F Dugger and Knight, Diane},
  journal={Intervention in School and Clinic},
  volume={34},
  number={3},
  pages={170--175},
  year={1999},
  publisher={SAGE Publications}
}

@article{fuchs1994classroom,
  title={Classroom ecological inventory: A process for mainstreaming},
  author={Fuchs, Douglas and Fernstrom, Pamela and Scott, Stephanie and Fuchs, Lynn and Vandermeer, Linda},
  journal={Teaching Exceptional Children},
  volume={26},
  number={3},
  pages={11},
  year={1994},
  publisher={Council for Exceptional Children}
}

@MastersThesis{marden2013criteria,
    author     =     {Marden, Christopher S},
    title     =     {Criteria for Transition for Self-Contained Classrooms},
    school     =     {Utah State University},
    address     =     {Utah},
    year     =     {2013},
}

@article{ditterline2008adaptive,
  title={Adaptive behavior profiles of students with disabilities},
  author={Ditterline, Jeffrey and Banner, Diane and Oakland, Thomas and Becton, Daniel},
  journal={Journal of Applied School Psychology},
  volume={24},
  number={2},
  pages={191--208},
  year={2008},
  publisher={Taylor \& Francis}
}
@book{oakland2011adaptive,
  title={Adaptive behavior assessment system-II: Clinical use and interpretation},
  author={Oakland, Thomas and Harrison, Patti L},
  year={2011},
  publisher={Academic Press}
}

@article{de2005adaptive,
  title={Adaptive functioning and behaviour problems in relation to level of education in children and adolescents with intellectual disability},
  author={De Bildt, A and Sytema, S and Kraijer, D and Sparrow, S and Minderaa, R},
  journal={Journal of Intellectual Disability Research},
  volume={49},
  number={9},
  pages={672--681},
  year={2005},
  publisher={Wiley Online Library}
}

@article{gresham1987relationship,
  title={The relationship between adaptive behavior and social skills issues in definition and assessment},
  author={Gresham, Frank M and Elliott, Stephen N},
  journal={The Journal of special education},
  volume={21},
  number={1},
  pages={167--181},
  year={1987},
  publisher={SAGE Publications}
}

@article{koegel1993treatment,
  title={Treatment of social behavior in autism through the modification of pivotal social skills},
  author={Koegel, Robert L and Frea, William D},
  journal={Journal of Applied Behavior Analysis},
  volume={26},
  number={3},
  pages={369--377},
  year={1993},
  publisher={Wiley Online Library}
}
@article{mcintosh2009differential,
  title={Differential effects of a tier two behavior intervention based on function of problem behavior},
  author={McIntosh, Kent and Campbell, Amy L and Carter, Deborah Russell and Dickey, Celeste Rossetto},
  journal={Journal of Positive Behavior Interventions},
  volume={11},
  number={2},
  pages={82--93},
  year={2009},
  publisher={SAGE Publications}
}
@article{wiesner2013exploratory,
  title={Exploratory structural equation modeling, bifactor models, and standard confirmatory factor analysis models: Application to the BASC-2 behavioral and emotional screening system teacher form},
  author={Wiesner, Margit and Schanding, G Thomas},
  journal={Journal of school psychology},
  volume={51},
  number={6},
  pages={751--763},
  year={2013},
  publisher={Elsevier}
}
@article{raines2012universal,
  title={Universal screening for behavioral and emotional risk: A promising method for reducing disproportionate placement in special education},
  author={Raines, Tara C and Dever, Bridget V and Kamphaus, Randy W and Roach, Andrew T},
  journal={The Journal of Negro Education},
  volume={81},
  number={3},
  pages={283--296},
  year={2012},
  publisher={JSTOR}
}
@article{reynolds2009response,
  title={Response to Intervention: Ready or not? Or, from wait-to-fail to watch-them-fail.},
  author={Reynolds, Cecil R and Shaywitz, Sally E},
  journal={School Psychology Quarterly},
  volume={24},
  number={2},
  pages={130},
  year={2009},
  publisher={Educational Publishing Foundation}
}
@article{edwards2006factorial,
  title={Factorial invariance of Woodcock-Johnson III scores for African Americans and Caucasian Americans},
  author={Edwards, Oliver W and Oakland, Thomas D},
  journal={Journal of Psychoeducational Assessment},
  volume={24},
  number={4},
  pages={358--366},
  year={2006},
  publisher={Sage Publications}
}
@article{taub2004confirmatory,
  title={A Confirmatory Factor Analysis of Cattell-Horn-Carroll Theory and Cross-Age Invariance of the Woodcock-Johnson Tests of Cognitive Abilities III.},
  author={Taub, Gordon E and McGrew, Kevin S},
  journal={School Psychology Quarterly},
  volume={19},
  number={1},
  pages={72},
  year={2004},
  publisher={Guilford Publications}
}
@article{wu2008short,
  title={Short-term effects of grade retention on the growth rate of Woodcock--Johnson III broad math and reading scores},
  author={Wu, Wei and West, Stephen G and Hughes, Jan N},
  journal={Journal of School Psychology},
  volume={46},
  number={1},
  pages={85--105},
  year={2008},
  publisher={Elsevier}
}
@article{reid2004meta,
  title={A meta-analysis of the academic status of students with emotional/behavioral disturbance},
  author={Reid, Robert and Gonzalez, Jorge E and Nordness, Philip D and Trout, Alexandra and Epstein, Michael H},
  journal={The Journal of Special Education},
  volume={38},
  number={3},
  pages={130--143},
  year={2004},
  publisher={SAGE Publications}
}
@book{wechsler2008wechsler,
  title={Wechsler adult intelligence scale-fourth},
  author={Wechsler, David},
  year={2008},
  publisher={San Antonio: Pearson}
}
@article{konold1997factor,
  title={Factor replication of the WISC-III in three independent samples of children receiving special education},
  author={Konold, Timothy R and Kush, Joseph C and Canivez, Gary L},
  journal={Journal of Psychoeducational Assessment},
  volume={15},
  number={2},
  pages={123--137},
  year={1997},
  publisher={Sage Publications}
}
@article{lufi1995comparison,
  title={A comparison of the performance of cognitively disabled children on the WISC-R and WISC-III},
  author={Lufi, Dubi and Parish-Plass, Jim and Bolen, LM and Aichinger, KS and Hall, CW and Webster, RE},
  journal={Journal of clinical psychology},
  volume={51},
  number={1},
  pages={89--94},
  year={1995},
  publisher={Wiley Online Library}
}
@article{dennis2009iq,
  title={Why IQ is not a covariate in cognitive studies of neurodevelopmental disorders},
  author={Dennis, Maureen and Francis, David J and Cirino, Paul T and Schachar, Russell and Barnes, Marcia A and Fletcher, Jack M},
  journal={Journal of the International Neuropsychological Society},
  volume={15},
  number={03},
  pages={331--343},
  year={2009},
  publisher={Cambridge Univ Press}
}
@article{hack2005poor,
  title={Poor predictive validity of the Bayley Scales of Infant Development for cognitive function of extremely low birth weight children at school age},
  author={Hack, Maureen and Taylor, H Gerry and Drotar, Dennis and Schluchter, Mark and Cartar, Lydia and Wilson-Costello, Deanne and Klein, Nancy and Friedman, Harriet and Mercuri-Minich, Nori and Morrow, Mary},
  journal={Pediatrics},
  volume={116},
  number={2},
  pages={333--341},
  year={2005},
  publisher={Am Acad Pediatrics}
}
@inproceedings{popa2014atypical,
  title={Atypical Adaptation Responses to Threat Stimuli in Children with Chromosome 22q11. 2 Deletion Syndrome},
  author={Popa, Abbie M and Cruz, Joshua and Angkustsiri, Kathleen and Brahmbhatt, Khyati and Cung, Nina and Leckliter, Ingrid and Quintero, Andrea and Reyes, Dave and Shapiro, Heather and Simon, Tony J},
  booktitle={BIOLOGICAL PSYCHIATRY},
  volume={75},
  number={9},
  pages={192S--192S},
  year={2014},
  organization={ELSEVIER SCIENCE INC 360 PARK AVE SOUTH, NEW YORK, NY 10010-1710 USA}
}
@article{biswas2016cognitive,
  title={Cognitive phenotype and psychiatric disorder in 22q11. 2 deletion syndrome: A review},
  author={Biswas, Asit B and Furniss, Frederick},
  journal={Research in developmental disabilities},
  volume={53},
  pages={242--257},
  year={2016},
  publisher={Elsevier}
}
@article{johnson2005key,
  title={Key provisions on transition: A comparison of IDEA 1997 and IDEA 2004},
  author={Johnson, David R},
  journal={Career Development for Exceptional Individuals},
  volume={28},
  number={1},
  pages={60},
  year={2005},
  publisher={SAGE PUBLICATIONS, INC.}
}
@article{klotz2005new,
  title={The new IDEA: A summary of significant reforms},
  author={Klotz, Mary Beth and Nealis, Libby},
  journal={Retrieved July},
  volume={15},
  pages={2012},
  year={2005}
}

@article{gersten2006rti,
  title={RTI (response to intervention): Rethinking special education for students with reading difficulties (yet again)},
  author={Gersten, Russell and Dimino, Joseph A},
  journal={Reading Research Quarterly},
  volume={41},
  number={1},
  pages={99--108},
  year={2006},
  publisher={Wiley Online Library}
}

@article{brownell2010special,
  title={Special education teacher quality and preparation: Exposing foundations, constructing a new model},
  author={Brownell, Mary T and Sindelar, Paul T and Kiely, Mary Theresa and Danielson, Louis C},
  journal={Exceptional Children},
  volume={76},
  number={3},
  pages={357--377},
  year={2010},
  publisher={SAGE Publications}
}

@article{skiba2008achieving,
  title={Achieving equity in special education: History, status, and current challenges},
  author={Skiba, Russell J and Simmons, Ada B and Ritter, Shana and Gibb, Ashley C and Rausch, M Karega and Cuadrado, Jason and Chung, Choong-Geun},
  journal={Exceptional Children},
  volume={74},
  number={3},
  pages={264--288},
  year={2008},
  publisher={SAGE Publications}
}
@article{cauley2006developing,
  title={Developing an effective transition program for students entering middle school or high school},
  author={Cauley, Kathleen M and Jovanovich, Donna},
  journal={The Clearing House: A Journal of Educational Strategies, Issues and Ideas},
  volume={80},
  number={1},
  pages={15--25},
  year={2006},
  publisher={Taylor \& Francis}
}
@article{dunn2009critical,
  title={A critical review of research on formative assessment: The limited scientific evidence of the impact of formative assessment in education},
  author={Dunn, Karee E and Mulvenon, Sean W},
  journal={Practical Assessment, Research \& Evaluation},
  volume={14},
  number={7},
  pages={1--11},
  year={2009}
}
@article{heritage2007formative,
  title={Formative assessment: What do teachers need to know and do?},
  author={Heritage, Margaret},
  journal={Phi Delta Kappan},
  volume={89},
  number={2},
  pages={140},
  year={2007},
  publisher={Phi Delta Kappa}
}
@incollection{cohen2011yerkes,
  title={Yerkes--dodson law},
  author={Cohen, Ronald A},
  booktitle={Encyclopedia of clinical neuropsychology},
  pages={2737--2738},
  year={2011},
  publisher={Springer}
}

@article{cooray2005anxiety,
  title={Anxiety disorders in people with learning disabilities},
  author={Cooray, Sherva Elizabeth and Bakala, Alina},
  journal={Advances in Psychiatric Treatment},
  volume={11},
  number={5},
  pages={355--361},
  year={2005},
  publisher={RCP}
}
@article{fisher2003special,
  title={What do special educators need to know and be prepared to do for inclusive schooling to work?},
  author={Fisher, Douglas and Frey, Nancy and Thousand, Jacqueline},
  journal={Teacher Education and Special Education: The Journal of the Teacher Education Division of the Council for Exceptional Children},
  volume={26},
  number={1},
  pages={42--50},
  year={2003},
  publisher={SAGE Publications}
}
@article{hollenbeck1998teachers,
  title={Teachers' knowledge of accommodations as a validity issue in high-stakes testing},
  author={Hollenbeck, Keith and Tindal, Gerald and Almond, Patricia},
  journal={The Journal of Special Education},
  volume={32},
  number={3},
  pages={175--183},
  year={1998},
  publisher={SAGE Publications}
}
@article{hocutt1996effectiveness,
  title={Effectiveness of special education: Is placement the critical factor?},
  author={Hocutt, Anne M},
  journal={The future of children},
  pages={77--102},
  year={1996},
  publisher={JSTOR}
}
@article{fuchs2003responsiveness,
  title={Responsiveness-to-intervention: Definitions, evidence, and implications for the learning disabilities construct},
  author={Fuchs, Douglas and Mock, Devery and Morgan, Paul L and Young, Caresa L},
  journal={Learning Disabilities Research \& Practice},
  volume={18},
  number={3},
  pages={157--171},
  year={2003},
  publisher={Wiley Online Library}
}

@article{yerkes1908relation,
  title={The relation of strength of stimulus to rapidity of habit-formation},
  author={Yerkes, Robert M and Dodson, John D},
  journal={Journal of comparative neurology and psychology},
  volume={18},
  number={5},
  pages={459--482},
  year={1908},
  publisher={Wiley Online Library}
}

@article{anderson1987consistency,
  title={Consistency of performance across classrooms: Instructional materials versus setting as influencing variables},
  author={Anderson-Inman, Lynne},
  journal={The Journal of Special Education},
  volume={21},
  number={2},
  pages={9--29},
  year={1987},
  publisher={SAGE Publications}
}

@article{conway1988mainstreaming,
  title={Mainstreaming special class students with mild handicaps through group instruction},
  author={Conway, Robert NF and Gow, Lyn},
  journal={Remedial and Special Education},
  volume={9},
  number={5},
  pages={34--40},
  year={1988},
  publisher={SAGE Publications}
}

@article{fuchs1992case,
  title={Case-by-case reintegration of students with learning disabilities},
  author={Fuchs, Douglas and Fuchs, Lynn S and Fernstrom, Pamela},
  journal={The Elementary School Journal},
  pages={261--281},
  year={1992},
  publisher={JSTOR}
}


@article{baker1995meaning,
  title={The meaning and practice of inclusion for students with learning disabilities: Themes and implications from the five cases.},
  author={Baker, Janice M and Zigmond, Naomi},
  journal={Journal of Special Education},
  volume={29},
  number={2},
  pages={163--80},
  year={1995},
  publisher={ERIC}
}

@article{zigmond1995concluding,
  title={Concluding comments: Current and future practices in inclusive schooling.},
  author={Zigmond, Naomi and Baker, Janice M},
  journal={Journal of Special Education},
  volume={29},
  pages={245--250},
  year={1995},
  publisher={PRO-ED}
}

@article{fuchs1994best,
  title={Best Practices in School Psychology: Peabody Reintegration Project.},
  author={Fuchs, Douglas and others},
  year={1994},
  publisher={ERIC}
}

@article{nader2014does,
  title={Does WISC-IV underestimate the intelligence of autistic children?},
  author={Nader, Anne-Marie and Courchesne, Valerie and Dawson, Michelle and Soulieres, Isabelle},
  journal={Journal of autism and developmental disorders},
  pages={1--8},
  year={2014},
  publisher={Springer}
}

@article{morgan2014stereological,
	title={Stereological study of amygdala glial populations in adolescents and adults with autism spectrum disorder},
	author={Morgan, John T and Barger, Nicole and Amaral, David G and Schumann, Cynthia M},
	journal={PloS one},
	volume={9},
	number={10},
	pages={e110356},
	year={2014},
	publisher={Public Library of Science}
}